@book{SAVAGE,
place={México},
title={Diseño de microprocesadores},
publisher={Facultad de Ingenieria},
author={Jesús Savage and Gabriel Vázquez}
}

@book{COMP,
title={El computador},
publisher={Univesitat Oberta de Catalunya},
author={Orenga Miquel Albert and Gerard Enrique Manonellas}
}

@misc{RC2021,
title={Diferencias RISC y CISC: Comparamos el diseño basico de CPU},
url={https://www.profesionalreview.com/2021/07/18/risc-vs-cisc/},
journal={Profesional Review},
year={2021},
month={7}
}

@book{PM1999,
title={68HC11 Programmer’s Reference Manual},
volume={1.7},
publisher={IEEE},
author={Phillip Musumeci},
year={1999}}
